<record><leader>03806cam a2200469 i 45 0</leader><controlfield tag="001">6815197</controlfield><controlfield tag="003">OCoLC</controlfield><controlfield tag="005">20150304113959.0</controlfield><controlfield tag="006">m     o  d        </controlfield><controlfield tag="007">cr |||||||||||</controlfield><controlfield tag="008">150225s2015    dcuab   ob    000 0 eng d</controlfield><datafield ind1=" " ind2=" " tag="020"><subfield code="z">9780309367066</subfield><subfield code="q">(paperback)</subfield></datafield><datafield ind1=" " ind2=" " tag="020"><subfield code="z">0309367069</subfield><subfield code="q">(paperback)</subfield></datafield><datafield ind1=" " ind2=" " tag="035"><subfield code="a">ocn904023506</subfield></datafield><datafield ind1=" " ind2=" " tag="039"><subfield code="a">exclude</subfield></datafield><datafield ind1=" " ind2=" " tag="040"><subfield code="a">MMU</subfield><subfield code="b">eng</subfield><subfield code="e">rda</subfield><subfield code="c">MMU</subfield><subfield code="d">AEU</subfield></datafield><datafield ind1=" " ind2=" " tag="043"><subfield code="a">n-us---</subfield></datafield><datafield ind1=" " ind2="4" tag="060"><subfield code="a">WT 116</subfield></datafield><datafield ind1=" " ind2=" " tag="090"><subfield code="a">Internet Access</subfield><subfield code="b">AEU</subfield></datafield><datafield ind1="2" ind2=" " tag="111"><subfield code="a">Workshop on Determinants of Premature Mortality</subfield><subfield code="n">(1st :</subfield><subfield code="d">2013 :</subfield><subfield code="c">Washington, D.C.),</subfield><subfield code="j">author.</subfield></datafield><datafield ind1="1" ind2="0" tag="245"><subfield code="a">Measuring the risks and causes of premature death :</subfield><subfield code="b">summary of workshops /</subfield><subfield code="c">Holly G. Rhodes, rapporteur ; Committee on Population, Division of Behavioral and Social Sciences and Education ; Board on Health Care Services, Institute of Medicine ; National Research Council and Institute of Medicine of the National Academies.</subfield></datafield><datafield ind1=" " ind2="1" tag="264"><subfield code="a">Washington, D.C. :</subfield><subfield code="b">National Academies Press,</subfield><subfield code="c">2015.</subfield></datafield><datafield ind1=" " ind2=" " tag="300"><subfield code="a">1 online resource (74 pages) :</subfield><subfield code="b">color illustrations, color maps</subfield></datafield><datafield ind1=" " ind2=" " tag="336"><subfield code="a">text</subfield><subfield code="b">txt</subfield><subfield code="2">rdacontent</subfield></datafield><datafield ind1=" " ind2=" " tag="337"><subfield code="a">computer</subfield><subfield code="b">c</subfield><subfield code="2">rdamedia</subfield></datafield><datafield ind1=" " ind2=" " tag="338"><subfield code="a">online resource</subfield><subfield code="b">cr</subfield><subfield code="2">rdacarrier</subfield></datafield><datafield ind1=" " ind2=" " tag="504"><subfield code="a">Includes bibliographical references.</subfield></datafield><datafield ind1="0" ind2=" " tag="505"><subfield code="a">Introduction -- Data sources and methodology in the study of premature mortality -- Data from major studies of premature mortality -- Ideas for improving data sources, methodology, and research.</subfield></datafield><datafield ind1=" " ind2=" " tag="520"><subfield code="a">"Measuring the Risks and Causes of Premature Death is the summary of two workshops conducted by The Committee on Population of the National Research Council at the National Academies to address the data sources, science and future research needs to understand the causes of premature mortality in the United States. The workshops reviewed previous work in the field in light of new data generated as part of the work of the NRC Panel on Understanding Divergent Trends in Longevity in High-Income Countries (NRC, 2011) and the NRC/IOM Panel on Understanding Cross-National Differences Among High-Income Countries (NRC/IOM, 2013). The workshop presentations considered the state of the science of measuring the determinants of the causes of premature death, assessed the availability and quality of data sources, and charted future courses of action to improve the understanding of the causes of premature death. Presenters shared their approaches to and results of measuring premature mortality and specific risk factors, with a particular focus on those factors most amenable to improvement through public health policy. This report summarizes the presentations and discussion of both workshops"--Publisher's description.</subfield></datafield><datafield ind1=" " ind2=" " tag="588"><subfield code="a">Description based on online resource; title from resource home page (National Academies Press, viewed February 25, 2015).</subfield></datafield><datafield ind1=" " ind2=" " tag="596"><subfield code="a">13 44 57</subfield></datafield><datafield ind1="1" ind2="2" tag="650"><subfield code="a">Mortality, Premature</subfield><subfield code="z">United States</subfield><subfield code="v">Congresses.</subfield></datafield><datafield ind1="2" ind2="2" tag="650"><subfield code="a">Life Expectancy</subfield><subfield code="z">United States</subfield><subfield code="v">Congresses.</subfield></datafield><datafield ind1="2" ind2="2" tag="650"><subfield code="a">Research Design</subfield><subfield code="z">United States</subfield><subfield code="v">Congresses.</subfield></datafield><datafield ind1="1" ind2=" " tag="700"><subfield code="a">Rhodes, Holly Greenwood,</subfield><subfield code="e">rapporteur.</subfield></datafield><datafield ind1="2" ind2=" " tag="710"><subfield code="a">Institute of Medicine (U.S.).</subfield><subfield code="b">Board on Health Care Services,</subfield><subfield code="e">issuing body.</subfield></datafield><datafield ind1="2" ind2=" " tag="710"><subfield code="a">National Research Council (U.S.).</subfield><subfield code="b">Committee on Population,</subfield><subfield code="e">issuing body.</subfield></datafield><datafield ind1="2" ind2=" " tag="711"><subfield code="a">Workshop on Determinants of Premature Mortality</subfield><subfield code="n">(2nd :</subfield><subfield code="d">2014 :</subfield><subfield code="c">Seattle, Wash.),</subfield><subfield code="j">author.</subfield></datafield><datafield ind1="4" ind2="0" tag="856"><subfield code="3">Free Access</subfield><subfield code="u">http://www.nap.edu/openbook.php?record_id=21656</subfield></datafield><datafield ind1=" " ind2=" " tag="926"><subfield code="a">Internet Access</subfield><subfield code="w">LC</subfield><subfield code="c">1</subfield><subfield code="i">6815197-2001</subfield><subfield code="l">INTERNET</subfield><subfield code="m">UAINTERNET</subfield><subfield code="r">Y</subfield><subfield code="s">Y</subfield><subfield code="t">E-RESOURCE</subfield><subfield code="u">3/4/2015</subfield><subfield code="x">E-BOOK</subfield><subfield code="z">NAP</subfield></datafield><datafield ind1=" " ind2=" " tag="926"><subfield code="a">Internet Access</subfield><subfield code="w">LC</subfield><subfield code="c">1</subfield><subfield code="i">6815197-3001</subfield><subfield code="l">INTERNET</subfield><subfield code="m">NEOS_FREE</subfield><subfield code="r">Y</subfield><subfield code="s">Y</subfield><subfield code="t">E-RESOURCE</subfield><subfield code="u">3/4/2015</subfield><subfield code="x">E-BOOK</subfield><subfield code="z">NAP</subfield></datafield><datafield ind1=" " ind2=" " tag="926"><subfield code="a">Internet Access</subfield><subfield code="w">LC</subfield><subfield code="c">1</subfield><subfield code="i">6815197-4001</subfield><subfield code="l">INTERNET</subfield><subfield code="m">GR_MAC_INT</subfield><subfield code="r">Y</subfield><subfield code="s">Y</subfield><subfield code="t">E-RESOURCE</subfield><subfield code="u">3/4/2015</subfield><subfield code="x">E-BOOK</subfield><subfield code="z">NAP</subfield></datafield></record>